@article{Alumbaugh2016,
author={Alumbaugh,David and Huang,Haoping and Livermore,Jennifer and Velasco,M. S.},
title={Resistivity imaging in a fold and thrust belt using ZTEM and sparse MT data},
journal={First break},
year={2016},
volume={34},
number={4},
doi={10.3997/1365-2397.34.4.84071},
pages={65-72},
}

@article{Becken2003,
author={Becken,Michael and Pedersen,Laust B.},
year={2003},
title={Transformation of VLF anomaly maps into apparent resistivity and phase},
journal={Geophysics},
volume={68},
number={2},
pages={497-505},
isbn={0016-8033},
doi={10.1190/1.1567217},
language={English},
}

@article{Becken2008,
author={Becken,M. and Ritter,O. and Burkhardt,H.},
year={2008},
title={Mode separation of magnetotelluric responses in three-dimensional environments},
journal={Geophysical journal international},
volume={172},
number={1},
pages={67-86},
doi={10.1111/j.1365-246X.2007.03612.x},
isbn={0956-540X;1365-246X;},
language={English},
}

@article{Cagniard1953,
    author = {Cagniard, Louis},
    title = "{Basic theory of the magneto-telluric method of geophysical prospecting}",
    journal = {Geophysics},
    volume = {18},
    number = {3},
    pages = {605-635},
    year = {1953},
    month = {07},
    issn = {0016-8033},
    doi = {10.1190/1.1437915},
    url = {https://doi.org/10.1190/1.1437915},
    eprint = {https://pubs.geoscienceworld.org/geophysics/article-pdf/18/3/605/3151025/605.pdf},
}




@book{ChaveJones2012,
author={Chave,Alan D. and Jones,Alan G., Dr and Cambridge Core All Books and Cambridge Core EBA eBooks Complete Collection},
editor={Chave,Alan D. and Chave,Alan D. and Jones,Alan G.},
year={2012},
title={The magnetotelluric method: theory and practice},
publisher={Cambridge University Press},
address={New York},
edition={1},
doi={10.1017/CBO9781139020138},
keywords={Earth currents; Geomagnetism; Imaging systems in geophysics; Magnetotelluric prospecting},
isbn={9780521819275;052181927X;1108446809;9781108446808;},
}




@article{Cockett2015,
author={Cockett,Rowan and Kang,Seogi and Heagy,Lindsey J. and Pidlisecky,Adam and Oldenburg,Douglas W.},
year={2015},
title={SimPEG; an open source framework for simulation and gradient based parameter estimation in geophysical applications},
journal={Computers \& geosciences},
volume={85},
pages={142-154},
isbn={0098-3004;1873-7803;},
doi={10.1016/j.cageo.2015.09.015},
language={English},
}


@article{Heagy2017,
author={Heagy,Lindsey J. and Cockett,Rowan and Kang,Seogi and Rosenkjaer,Gudni K. and Oldenburg,Douglas W.},
year={2017},
title={A framework for simulation and inversion in electromagnetics},
journal={Computers \& geosciences},
volume={107},
pages={1-19},
isbn={0098-3004;1873-7803;},
doi={10.1016/j.cageo.2017.06.018},
language={English},
}


@article{Holtham2010,
    author = {Holtham, Elliot and Oldenburg, Douglas W.},
    title = {Three-dimensional inversion of ZTEM data},
    journal = {Geophysical Journal International},
    volume = {182},
    number = {1},
    pages = {168-182},
    year = {2010},
    month = {07},
    issn = {0956-540X},
    doi = {10.1111/j.1365-246X.2010.04634.x},
    url = {https://doi.org/10.1111/j.1365-246X.2010.04634.x},
    eprint = {https://academic.oup.com/gji/article-pdf/182/1/168/1493902/182-1-168.pdf},
}





@article{Kaufman1981,
author={Kaufman,A. A. and Keller,G. V.},
year={1981},
title={The magnetotelluric sounding method},
journal={Methods in geochemistry and geophysics},
volume={15},
doi={10.1093/gji/66.3.753},
isbn={0076-6895},
language={English},
}


@article{Labson1985,
    author = {Labson, V. F. and Becker, A. and Morrison, H. F. and Conti, U.},
    title = "{Geophysical exploration with audiofrequency natural magnetic fields}",
    journal = {Geophysics},
    volume = {50},
    number = {4},
    pages = {656-664},
    year = {1985},
    month = {04},
    issn = {0016-8033},
    doi = {10.1190/1.1441940},
    url = {https://doi.org/10.1190/1.1441940},
    eprint = {https://pubs.geoscienceworld.org/geophysics/article-pdf/50/4/656/3163868/656.pdf},
}



@inproceedings{Larnier2021,
author = {Larnier, Hugo and Chubak, Glenn and Schneider, Michael and Schiffler, Markus and Stolz, Ronny},
year = {2021},
month = {09},
pages = {1290-1294},
title = {Three component SQUID-based system for airborne natural field electromagnetics},
doi = {10.1190/segam2021-3594781.1}
}


@article{LoZang2008,
author = {Lo, Bob and Zang, Michael},
year = {2008},
month = {01},
pages = {},
title = {Numerical modeling of Z-TEM (airborne AFMAG) responses to guide exploration strategies},
volume = {27},
journal = {Seg Technical Program Expanded Abstracts},
doi = {10.1190/1.3059115}
}

@Inbook{Naidu2012,
author={Naidu, G. Dhanunjaya},
title={Magnetotellurics: Basic Theoretical Concepts},
bookTitle={Deep Crustal Structure of the Son-Narmada-Tapti Lineament, Central India},
year={2012},
publisher={Springer Berlin Heidelberg},
address={Berlin, Heidelberg},
pages={13--35},
isbn={978-3-642-28442-7},
doi={10.1007/978-3-642-28442-7_},
url={https://doi.org/10.1007/978-3-642-28442-7_2}
}



@inproceedings{Sattel2019,
author = {Sattel, Daniel and Witherly, Ken and Kaminski, Vlad},
year = {2019},
month = {08},
pages = {2138-2142},
title = {A brief analysis of MobileMT data},
doi = {10.1190/segam2019-3215437.1}
}


@software{Shekhtman2023,
  author = {Shekhtman, R. and Oldenburg, D. W. and Haber, E.},
  title = {{E3DMT} v2: A Program Library for Forward Modelling and Inversion of Natural Source Electromagnetic Data over 3D Structures},
  url = {https://e3dmt.readthedocs.io/en/e3dmt_v2/},
  version = {2},
  date = {2023-09-18},
  year = {2023}
}



@article{Stolz2022,
author={Stolz,Ronny and Schiffler,Markus and Becken,Michael and Thiede,Anneke and Schneider,Michael and Chubak,Glenn and Marsden,Paul and Bergshjorth,Ana B. and Schaefer,Markus and Terblanche,Ockert},
year={2022},
title={SQUIDs for magnetic and electromagnetic methods in mineral exploration},
journal={Mineral economics : raw materials report},
volume={35},
number={3-4},
pages={467-494},
doi={10.1007/s13563-022-00333-3},
isbn={2191-2203;2191-2211;},
language={English},
}

@article{Thiede2024,
    author = {Thiede, A and Schiffler, M and Junge, A and Becken, M},
    title = {Multivariate processing of airborne natural source electromagnetic data—application to field data from Gobabis (Namibia)},
    journal = {Geophysical Journal International},
    volume = {238},
    number = {1},
    pages = {573-589},
    year = {2024},
    month = {05},
    issn = {1365-246X},
    doi = {10.1093/gji/ggae172},
    url = {https://doi.org/10.1093/gji/ggae172},
    eprint = {https://academic.oup.com/gji/article-pdf/238/1/573/58108549/ggae172.pdf},
}

@article{Tikhonov1950,
    author = {Tikhonov, A. N.},
    title = "{On determining electrical characteristics of the deep layers of the Earth's crust}",
    journal = {Doklady Akademii Nauk SSSR},
    volume = {73},
    number = {2},
    pages = {295-297},
    year = {1950},
}


@article{Ward1959,
    author = {Ward, S. H.},
    title = "{AFMAG—AIRBORNE AND GROUND}",
    journal = {Geophysics},
    volume = {24},
    number = {4},
    pages = {761-787},
    year = {1959},
    month = {10},
    issn = {0016-8033},
    doi = {10.1190/1.1438657},
    url = {https://doi.org/10.1190/1.1438657},
    eprint = {https://pubs.geoscienceworld.org/geophysics/article-pdf/24/4/761/3152588/761.pdf},
}

@article{Vozoff1972,
    author = {Vozoff, Keeva},
    title = {The magnetotelluric method in the exploration of sedimentary basins},
    journal = {Geophysics},
    volume = {37},
    number = {1},
    pages = {98-141},
    year = {1972},
    month = {02},
    abstract = {Theoretical study and examples of applications to petroleum exploration in Texas and Oklahoma},
    issn = {0016-8033},
    doi = {10.1190/1.1440255},
    url = {https://doi.org/10.1190/1.1440255},
    eprint = {https://pubs.geoscienceworld.org/seg/geophysics/article-pdf/37/1/98/3155995/98.pdf},
}





@incollection{WardHohmann1988,
address = {Tulsa},
author = {Ward, S. H. and Hohmann, G. W.},
booktitle = {Electromagnetic Methods in Applied Geophysics: Theory},
pages = {131--311},
publisher = {Society of Exploration Geophysicists},
title = {{Electromagnetic theory for geophysical applications}},
doi={10.1190/1.9781560802631},
year = {1988}
}

